@article{ExpertIteration,
  author    = {Thomas Anthony and
               Zheng Tian and
               David Barber},
  title     = {Thinking Fast and Slow with Deep Learning and Tree Search},
  journal   = {CoRR},
  volume    = {abs/1705.08439},
  year      = {2017},
  url       = {http://arxiv.org/abs/1705.08439},
  archivePrefix = {arXiv},
  eprint    = {1705.08439},
  timestamp = {Mon, 13 Aug 2018 16:47:22 +0200},
  biburl    = {https://dblp.org/rec/bib/journals/corr/AnthonyTB17},
  bibsource = {dblp computer science bibliography, https://dblp.org}
}
@article{go,
	title={Mastering the game of go without human knowledge},
	author={Silver, David and Schrittwieser, Julian and Simonyan, Karen and Antonoglou, Ioannis and Huang, Aja and Guez, Arthur and Hubert, Thomas and Baker, Lucas and Lai, Matthew and Bolton, Adrian and others},
	journal={Nature},
	volume={550},
	number={7676},
	pages={354},
	year={2017},
	publisher={Nature Publishing Group}
}
@article{ggp2005l,
	title={Overview of General Game Playing},
	author={Genesereth, Michael},
	year={2005}
}
@article{dualprocess,
	title={Heuristic and analytic processes in reasoning},
	author={Evans, Jonathan St BT},
	journal={British Journal of Psychology},
	volume={75},
	number={4},
	pages={451--468},
	year={1984},
	publisher={Wiley Online Library}
}
@online{huiil,
	author = {Jonathan Hui}
	title = {RL — Imitation Learning},
	date = {October 2, 2018},
	url = {https://medium.com/@jonathan_hui/rl-imitation-learning-ac28116c02fc},

}
